@misc{shen2025mindmachinerisemanus,
      title={From Mind to Machine: The Rise of Manus AI as a Fully Autonomous Digital Agent}, 
      author={Minjie Shen and Qikai Yang},
      year={2025},
      eprint={2505.02024},
      archivePrefix={arXiv},
      primaryClass={cs.AI},
      url={https://arxiv.org/abs/2505.02024}, 
}

@misc{ManusAI,
  title = {Official Website from ManusAI -- the chinese chatbot for solving multisteps tasks},
  howpublished = {\url{https://manus.im/app}},
  note = {Accessed: 2025-06-10}
}